<?xml version="1.0" encoding="UTF-8"?><collection><record><leader>05525ntm a2200589 a 4500</leader><controlfield tag="001">006806242</controlfield><controlfield tag="003">MiAaHDL</controlfield><controlfield tag="005">20190719000000.0</controlfield><controlfield tag="006">m        d        </controlfield><controlfield tag="007">cr bn ---auaua</controlfield><controlfield tag="008">090602q17001751xx            00| ||ara d</controlfield><datafield tag="035" ind1=" " ind2=" "><subfield code="a">(MiU)006806242</subfield></datafield><datafield tag="035" ind1=" " ind2=" "><subfield code="a">sdr-miu006806242</subfield></datafield><datafield tag="040" ind1=" " ind2=" "><subfield code="a">MiU</subfield><subfield code="c">MiU</subfield><subfield code="e">amremm</subfield></datafield><datafield tag="043" ind1=" " ind2=" "><subfield code="a">n-us-mi</subfield></datafield><datafield tag="100" ind1="1" ind2=" "><subfield code="6">880-01</subfield><subfield code="a">Baqarī, Muḥammad ibn ʻUmar,</subfield><subfield code="d">1609 or 1610-1699.</subfield></datafield><datafield tag="245" ind1="1" ind2="3"><subfield code="6">880-03</subfield><subfield code="a">al-Baqarīyah fī aḥkām tajwīd al-Qur’ān,</subfield><subfield code="f">[before 1751].</subfield></datafield><datafield tag="246" ind1="3" ind2=" "><subfield code="i">Title in GAL:</subfield><subfield code="a">Ghunyat al-ṭālibīn wa-munyat al-rāghibīn</subfield></datafield><datafield tag="246" ind1="3" ind2=" "><subfield code="6">880-04</subfield><subfield code="i">Title from opening matter (preface) on p.4:</subfield><subfield code="a">غنية الطالبين وغنية الراغبين</subfield></datafield><datafield tag="260" ind1=" " ind2=" "><subfield code="c">[1700-1751].</subfield></datafield><datafield tag="300" ind1=" " ind2=" "><subfield code="a">66 leaves :</subfield><subfield code="b">paper ;</subfield><subfield code="c">208 x 170 (149 x 101) mm.</subfield></datafield><datafield tag="500" ind1=" " ind2=" "><subfield code="a">Shelfmark: Ann Arbor, University of Michigan, Special Collections Library, Isl. Ms. 473</subfield></datafield><datafield tag="500" ind1=" " ind2=" "><subfield code="a">Origin: Lacks dated colophon. Dated ownership statement on 'title page' (p.1) provides terminus ante quem of 1751. Perhaps early to mid 18th century.</subfield></datafield><datafield tag="500" ind1=" " ind2=" "><subfield code="a">Accompanying materials: a. Acquisitions slip from Yahuda.</subfield></datafield><datafield tag="500" ind1=" " ind2=" "><subfield code="a">Former shelfmark: From inner front cover and spine label, "IL 31d" (likely supplied by Yahuda, see acquisitions slip).</subfield></datafield><datafield tag="500" ind1=" " ind2=" "><subfield code="a">Binding: Pasteboards covered in now dull yellow laid paper with dark red leather over spine and fore edge flap ; Type II binding (with flap) ; boards exposed rather than lined ; sewn in light brown thread, four stations ; worked endbands in cream, damaged ; overall in poor condition with significant abrasion, staining, lifting and losses of paper and leather, etc. ; repairs in blue textured paper.</subfield></datafield><datafield tag="500" ind1=" " ind2=" "><subfield code="a">Support: European laid paper with 11 laid lines per cm. (vertical) and chain lines spaced 22 mm. apart (horizontal) with no watermarks visible (most likely lost to trimming) ; thin, crisp and sturdy, cream in color, lightly burnished.</subfield></datafield><datafield tag="500" ind1=" " ind2=" "><subfield code="a">Decoration: Keywords and section headings rubricated.</subfield></datafield><datafield tag="500" ind1=" " ind2=" "><subfield code="a">Script: Naskh ; fine, medium Turkish or Egyptian hand ; seriffed with gentle right-sloping head-serif on most ascenders (even free-standing alif), slight effect of tilt to the left, many open counters, curvilinear descenders, pointing (for two and three dots) in strokes or conjoined dots rather than distinct dots, alif maqṣūrah pointed as yāʼ.</subfield></datafield><datafield tag="500" ind1=" " ind2=" "><subfield code="a">Layout: Written in 13 lines per page ; frame-ruled (impression of ruling board quite evident in raking light).</subfield></datafield><datafield tag="500" ind1=" " ind2=" "><subfield code="a">Collation: 6 V(60), V-4 (66) ; almost exclusively quinions ; catchwords present ; pagination in pencil, Western numerals, supplied during digitization (mistakenly skips two pages between pp.23-24).</subfield></datafield><datafield tag="500" ind1=" " ind2=" "><subfield code="a">Explicit: "ولمن زاغ عن الحق قامعا للحسنات امرا وعن السيئات زاجرا صلى الله عليه وعلى اصحابه وازواجه واتباعه"</subfield></datafield><datafield tag="500" ind1=" " ind2=" "><subfield code="a">Incipit: "يقول العبد المعترف بتقصيره الراجي من ربه تهوين عسيره محمد ابن قاسم البقري بلدا الشافعي مذهبا الحمد لله على احسانه واشهد ان لا اله الا الله وحده لا شريك له ... وبعد فقد سألني بعضا من الاخوان اضع له مقدمة مختصرة في تجويد القرآن فاجبته الى سؤاله ..."</subfield></datafield><datafield tag="500" ind1=" " ind2=" "><subfield code="a">Title from inscription on 'title page' (p.1).</subfield></datafield><datafield tag="500" ind1=" " ind2=" "><subfield code="a">Ms. codex.</subfield></datafield><datafield tag="510" ind1="4" ind2=" "><subfield code="a">Brockelmann, C. GAL,</subfield><subfield code="c">II 327</subfield></datafield><datafield tag="520" ind1="8" ind2=" "><subfield code="a">Fine copy of a treatise on the art of reciting the Qurʼān (tajwīd). Appears incomplete (ends abruptly).</subfield></datafield><datafield tag="538" ind1=" " ind2=" "><subfield code="a">Mode of access: Internet.</subfield></datafield><datafield tag="541" ind1=" " ind2=" "><subfield code="a">Acquired in 1926 from the bookseller Isaac Benjamin S.E. Yahuda via purchase transacted on his behalf by Abraham Shalom Yahuda (1877-1951), his younger brother.</subfield></datafield><datafield tag="546" ind1=" " ind2=" "><subfield code="a">Arabic.</subfield></datafield><datafield tag="561" ind1=" " ind2=" "><subfield code="a">Several ownership statements on 'title page' (p.1) including two statements in name of al-Ḥājj Aḥmad al-mukannā bi-al-Bayṭār ( الحاج احمد المكنا بالبيطار ) with one dated 1165 [1751 or 2], an effaced statement, and a statement dated 1180 [1766 or 7] in name of al-Sayyid Ismāʻīl ibn al-Ḥājj Ismāʻīl al-Qaṣṣāb al-Ḥanafī al-Shādhilī ( السيد اسماعيل بن الحاج اسماعيل القصاب الحنفي الشاذلي ) accompanied by octagonal seal impression ; reading / study notice at close on p.130 dated 1304 [1886 or 7] in name of Rashīd ibn Dāmis [?] al-Khawāḍiʻ [?] ( رشيد ابن دامس الخواضع ؟) ; occasional marginal corrections.</subfield></datafield><datafield tag="630" ind1="0" ind2="0"><subfield code="a">Qurʼan</subfield><subfield code="x">Reading</subfield><subfield code="v">Early works to 1800.</subfield></datafield><datafield tag="630" ind1="0" ind2="0"><subfield code="a">Qurʼan</subfield><subfield code="x">Recitation</subfield><subfield code="v">Early works to 1800.</subfield></datafield><datafield tag="650" ind1=" " ind2="0"><subfield code="a">Manuscripts, Arabic</subfield><subfield code="z">Michigan</subfield><subfield code="z">Ann Arbor.</subfield></datafield><datafield tag="700" ind1="0" ind2=" "><subfield code="6">880-06</subfield><subfield code="a">Ismāʻīl ibn Ismāʻīl al-Qaṣṣāb al-Ḥanafī al-Shādhilī,</subfield><subfield code="d">fl. 1766,</subfield><subfield code="e">former owner.</subfield></datafield><datafield tag="700" ind1="0" ind2=" "><subfield code="6">880-05</subfield><subfield code="a">Aḥmad al-Bayṭār,</subfield><subfield code="d">fl. 1751,</subfield><subfield code="e">former owner.</subfield></datafield><datafield tag="773" ind1="0" ind2=" "><subfield code="a">Yahuda Collection.</subfield></datafield><datafield tag="880" ind1="0" ind2=" "><subfield code="6">700-06/</subfield><subfield code="a">اسماعيل بن اسماعيل القصاب الحنفي الشاذلي,</subfield><subfield code="e">مالك سابق.</subfield></datafield><datafield tag="880" ind1="0" ind2=" "><subfield code="6">700-05/</subfield><subfield code="a">احمد البيطار,</subfield><subfield code="e">مالك سابق.</subfield></datafield><datafield tag="880" ind1="3" ind2=" "><subfield code="6">246-04/</subfield><subfield code="a">Ghunyat al-ṭālibīn wa-ghunyat al-rāghibīn</subfield></datafield><datafield tag="880" ind1="1" ind2="2"><subfield code="6">245-03/</subfield><subfield code="a">البقرية في احكام تجويد القرآن,</subfield><subfield code="f">[قبل 1751م].</subfield></datafield><datafield tag="880" ind1="1" ind2=" "><subfield code="6">100-01/</subfield><subfield code="a">بقري، محمد بن عمر</subfield></datafield><datafield tag="CID" ind1=" " ind2=" "><subfield code="a">006806242</subfield></datafield><datafield tag="DAT" ind1="0" ind2=" "><subfield code="a">20190719102637.0</subfield><subfield code="b">20190719000000.0</subfield></datafield><datafield tag="DAT" ind1="1" ind2=" "><subfield code="a">20190719090653.0</subfield><subfield code="b">2019-07-19T16:11:33Z</subfield></datafield><datafield tag="DAT" ind1="2" ind2=" "><subfield code="a">2015-10-10T18:00:06Z</subfield></datafield><datafield tag="CAT" ind1=" " ind2=" "><subfield code="a">SDR-MIU</subfield><subfield code="d">EX LIBRIS - ALEPH</subfield><subfield code="l">prepare.pl-004-008</subfield></datafield><datafield tag="FMT" ind1=" " ind2=" "><subfield code="a">BK</subfield></datafield><datafield tag="HOL" ind1=" " ind2=" "><subfield code="0">sdr-miu006806242</subfield><subfield code="a">MiU</subfield><subfield code="b">SDR</subfield><subfield code="c">MIU</subfield><subfield code="p">mdp.39015079127794</subfield><subfield code="s">MIU</subfield><subfield code="1">006806242</subfield></datafield><datafield tag="974" ind1=" " ind2=" "><subfield code="b">MIU</subfield><subfield code="c">MIU</subfield><subfield code="d">20190719</subfield><subfield code="s">lit-dlps-dc</subfield><subfield code="u">mdp.39015079127794</subfield><subfield code="y">1751</subfield><subfield code="r">pd</subfield><subfield code="q">bib</subfield><subfield code="t">non-US bib date2 &lt; 1879</subfield></datafield></record></collection>